@article{cyclon,
    author = {Voulgaris, Spyros and Gavidia, Daniela and van Steen, Maarten},
    title = {CYCLON: Inexpensive Membership Management for Unstructured P2P Overlays},
    journal = {Journal of Network and Systems Management},
    volume = {13},
    number = {2},
    month = {June},
    year = {2005},
}

@article{newscast,
    author = {Jelasity, Mark and Guerraoui, Rachid and Kermarrec, Anne-Marie and van Steen, Marteen},
    title = {The Peer Sampling Service: Experimental Evaluation of Unstructured Gossip-Based Implementations},
    journal = {Fifth ACM/IFIP/USENIX International Middleware Conference, Toronto, Canada},
    volume = {13},
    number = {2},
    month = {October},
    year = {2004},
}


@book{slides,
    author = {Alberto Montresor},
    title = {Distributed Algorithms. Epidemic Protocols: Beyond dissemination.},
    year = {2018},
    month = {October},
}
